<?xml version="1.0" encoding="UTF-8"?><record xmlns="http://www.loc.gov/MARC21/slim" xmlns:cinclude="http://apache.org/cocoon/include/1.0" xmlns:zs="http://www.loc.gov/zing/srw/">
  <leader>00400nz  a2200121n  4500</leader>
  <controlfield tag="001">n  89631256 </controlfield>
  <controlfield tag="003">DLC</controlfield>
  <controlfield tag="005">19890525102430.9</controlfield>
  <controlfield tag="008">890525n| acannaab|          |n aad |||  </controlfield>
  <datafield tag="010" ind1=" " ind2=" ">
    <subfield code="a">n  89631256 </subfield>
  </datafield>
  <datafield tag="040" ind1=" " ind2=" ">
    <subfield code="a">DLC</subfield>
    <subfield code="c">DLC</subfield>
  </datafield>
  <datafield tag="100" ind1="1" ind2="0">
    <subfield code="a">Seidt, Hans-Ulrich,</subfield>
    <subfield code="d">1952-</subfield>
  </datafield>
  <datafield tag="670" ind1=" " ind2=" ">
    <subfield code="a">nuc89-55465: His Europa in der Konzeption Frankreichs ... 1983</subfield>
    <subfield code="b">(hdg. on CSt rept.: Seidt, Hans-Ulrich, 1952- ; usage: Hans-Ulrich Seidt)</subfield>
  </datafield>
</record>